@misc{matlab-imfindcircles,
    author = {MathWorks},
    title = {imfindcircles - Find circles using circular Hough transform},
    note = {\url{https://www.mathworks.com/help/images/ref/imfindcircles.html}},
    urldate = {2019-12-26},
}
